
@book{niv,
	Author = {Kaiser Jr., Walter C.},
	Date-Added = {2011-09-03 16:07:13 +0000},
	Date-Modified = {2011-09-03 16:10:17 +0000},
	Edition = {Kindle },
	Publisher = {Zondervan},
	Title = {NIV Archaeological Study Bible: An Illustrated Walk Through Biblical History and Culture},
	Year = {2010}}

@misc{ wiki:000,
   author = "Wikipedia",
   title = "Spirit --- Wikipedia{,} The Free Encyclopedia",
   year = "2011",
   url = "\url{http://en.wikipedia.org/w/index.php?title=Spirit&oldid=449242645}",
   note = "[Online; accessed 18-September-2011]"
 }
@misc{ wiki:001,
   author = "Wikipedia",
   title = "Spiritus --- Wikipedia{,} The Free Encyclopedia",
   year = "2010",
   url = "\url{http://en.wikipedia.org/w/index.php?title=Spiritus&oldid=395536809}",
   note = "[Online; accessed 18-September-2011]"
 }
@misc{ wiki:003,
   author = "Wikipedia",
   title = "Christian meditation --- Wikipedia{,} The Free Encyclopedia",
   year = "2011",
   url = "\url{http://en.wikipedia.org/w/index.php?title=Christian_meditation&oldid=450572206}",
   note = "[Online; accessed 18-September-2011]"
 }
@Book{clowney2002christian,
 author = {Clowney, Edmund},
 title = {Christian meditation : [what the Bible teaches about meditation and spiritual exercises},
 publisher = {Regent College Pub},
 year = {2002},
 address = {Vancouver},
 isbn = {1573832278}
 }
 @misc{ wiki:004,
   author = "Wikipedia",
   title = "Hesychasm --- Wikipedia{,} The Free Encyclopedia",
   year = "2011",
   url = "\url{http://en.wikipedia.org/w/index.php?title=Hesychasm&oldid=435921119}",
   note = "[Online; accessed 18-September-2011]"
 }
@misc{ wiki:005,
   author = "Wikipedia",
   title = "Ignatius of Loyola --- Wikipedia{,} The Free Encyclopedia",
   year = "2011",
   url = "\url{http://en.wikipedia.org/w/index.php?title=Ignatius_of_Loyola&oldid=450735094}",
   note = "[Online; accessed 18-September-2011]"
 }

@book{GLSchroeder-2001,
	Author = {Schroeder, Gerald L.},
	Date-Added = {2011-09-18 23:03:05 +0000},
	Date-Modified = {2011-09-18 23:04:53 +0000},
	Edition = {Kindle Edition},
	Publisher = {Free Press},
	Title = {The Hidden Face of God},
	Year = {2001}}

@book{Ignatius,
	Author = {Ignatius, of Loyola, Saint},
	Date-Added = {2011-09-18 21:20:51 +0000},
	Date-Modified = {2011-09-18 21:25:01 +0000},
	Publisher = {London : Charles Dolman},
	Title = {The spiritual exercises of St. Ignatius of Loyola },
	Year = {1491-1556.}}

