%% This BibTeX bibliography file was created using BibDesk.
%% http://bibdesk.sourceforge.net/


%% Created for Jason Mansfield at 2011-09-18 19:05:15 -0400 


%% Saved with string encoding Unicode (UTF-8) 



@book{GLSchroeder-2001,
	Author = {Schroeder, Gerald L.},
	Date-Added = {2011-09-18 23:03:05 +0000},
	Date-Modified = {2011-09-18 23:04:53 +0000},
	Edition = {Kindle Edition},
	Publisher = {Free Press},
	Title = {The Hidden Face of God},
	Year = {2001}}
