%% This BibTeX bibliography file was created using BibDesk.
%% http://bibdesk.sourceforge.net/


%% Created for Jason Mansfield at 2011-09-18 17:26:48 -0400 


%% Saved with string encoding Unicode (UTF-8) 



@book{Ignatius,
	Author = {Ignatius, of Loyola, Saint, 1491-1556; Roothaan, Joannes Philippus, 1785-1853; Seager, Charles, 1808-1878; Wiseman, Nicholas Patrick, 1802-1865},
	Date-Added = {2011-09-18 21:20:51 +0000},
	Date-Modified = {2011-09-18 21:25:01 +0000},
	Publisher = {London : Charles Dolman},
	Title = {The spiritual exercises of St. Ignatius of Loyola },
	Year = {1491-1556.}}
